<?xml version="1.0" encoding="UTF-8"?><collection xmlns="http://www.loc.gov/MARC21/slim"><record><leader>00420nam--2200181-i-4500</leader><controlfield tag="001">000024997</controlfield><controlfield tag="002">20161230</controlfield><controlfield tag="005">20170106001015</controlfield><controlfield tag="008">060222s1000------------r-----000-0-eng-d</controlfield><datafield ind1=" " ind2=" " tag="020"><subfield code="a">13</subfield></datafield><datafield ind1=" " ind2=" " tag="100"><subfield code="a">Avery, D. G</subfield></datafield><datafield ind1=" " ind2=" " tag="245"><subfield code="a">The Uranium Enrichment Industry</subfield></datafield><datafield ind1=" " ind2=" " tag="260"><subfield code="a">Warington</subfield><subfield code="b">Bnfl</subfield><subfield code="c">1970</subfield></datafield><datafield ind1=" " ind2=" " tag="300"><subfield code="a">28 p</subfield></datafield><datafield ind1=" " ind2=" " tag="490"><subfield code="a">Bnfl</subfield></datafield><datafield ind1=" " ind2=" " tag="700"><subfield code="a">Kehoe, R.B</subfield></datafield><datafield ind1=" " ind2=" " tag="852"><subfield code="a">621.039.543.46</subfield></datafield><datafield ind1=" " ind2=" " tag="CAT"><subfield code="a">SYS</subfield><subfield code="c">20170106</subfield><subfield code="h">001015</subfield></datafield></record></collection>